@book{latexcompanion,
    author        = {E. Johnson and D. Schrage},
    title         = {The georgia tech unmanned aerial research vehicle:
Gtmax},
    year          = {2003},
    publisher     = {AIAA Guidance, Navigation, and Control Conference},
    location      = {Austin}
}
@book{latexcompanion2,
    author        = {X. Z. J. Qi and Z. Jiang},
    title         = {Design and implement of a rotorcraft uav testbed},
    year          = {2006},
    publisher     = {EEE
International Conference on Robotics and Biomimetics},
    location      = {China}
}